% ---------------------- Evaluación de Impacto -------------------------
@book{gertler-2016,
    title = {La evaluación de impacto en la práctica: Segunda edición},
    author = {Gertler, Paul and Martinez, Sebastian and Rawlings, Laura B. and Premand, Patrick and Vermeersch, Christel M. J.},
    year = {2016},
    publisher = {Banco Internacional para la Reconstrucción y el Desarrollo/Banco Mundial},
    doi = {https://doi.org/10.18235/0006529},
    url = {https://hdl.handle.net/10986/25030}
}

@book{bernal,
    ISBN = {bernal2011},
    URL = {http://www.jstor.org/stable/10.7440/j.ctt1b3t82z},
    author = {Raquel Bernal and Ximena Peña},
    edition = {1},
    publisher = {Universidad de los Andes, Colombia},
    title = {Guía práctica para la evaluación de impacto},
    urldate = {2025-02-10},
    year = {2011}
}

@article{rubin1974,
    author = {Rubin, Donald},
    title = {ESTIMATING CAUSAL EFFECTS OF TREATMENTS IN EXPERIMENTAL AND OBSERVATIONAL STUDIES},
    journal = {Journal of Education Psychology},
    volume = {66},
    number = {5},
    pages = {688-701},
    doi = {https://doi.org/10.1002/j.2333-8504.1972.tb00631.x},
    url = {https://onlinelibrary.wiley.com/doi/abs/10.1002/j.2333-8504.1972.tb00631.x},
    year = {1974}
}

@article{white2009theory,
    title={Theory-based impact evaluation: principles and practice},
    author={White, Howard},
    journal={Journal of development effectiveness},
    volume={1},
    number={3},
    pages={271--284},
    year={2009},
    publisher={Taylor \& Francis}
}

% -----------------------------------------------------------------------


% ---------------------- Inteligencia Artificial -------------------------
@article{backprop-1986,
    author = {Rumelhart, David E. and Hinton, Geoffrey E. and Williams, Ronald J.},
    title = {Learning representations by back-propagating errors},
    journal = {Nature},
    year = {1986},
    url = {https://doi.org/10.1038/323533a0},
    doi = {10.1038/323533a0}
}

@article{mculloch-pitts-1943,
    author = {McCulloch, Warren and Pitts, Walter},
    title = {A logical calculus of the ideas immanent in nervous activity},
    journal = {The bulletin of mathematical biophysics},
    year = {19430},
    url = {https://doi.org/10.1007/BF02478259}
}

@book{ml-tom-mitchell,
    title = {Machine Learning},
    author = {Tom M. Mitchell},
    year = {1997},
    publisher = {McGraw-hill},
    isbn = {0070428077}
}

@book{ai-a-modern-approach,
    title = {Artificial Intelligence: A Modern Approach},
    author = {Stuart J. Russell and Peter Norvig},
    year = {2020},
    publisher = {Pearson Education},
    edition = {4, Global Edition},
    isbn = {9781292401133}
}

@book{deep-learning,
    title={Deep Learning},
    author={Ian Goodfellow and Yoshua Bengio and Aaron Courville},
    publisher={MIT Press},
    note={\url{http://www.deeplearningbook.org}},
    year={2016}
}

@book{hands-on-ML-sklearn-tf,
    title     = {Hands-On Machine Learning with Scikit-Learn and TensorFlow},
    author    = {Aurélien Géron},
    year      = {2017},
    publisher = {O'Reilly Media},
    edition   = {1st},
    isbn      = {9781491962299},
}

@book{nielsen,
    title     = {Neural Netoworks and Deep Learning},
    author    = {Michael A. Nielsen},
    year      = {2015},
    publisher = {Determination Press},
    url       = {http://neuralnetworksanddeeplearning.com/}
}

@article{pedro-domingos,
    title = {A few useful things to know about machine learning},
    author = {Domingos, Pedro},
    year = {2012},
    issue_date = {October 2012},
    publisher = {Association for Computing Machinery},
    address = {New York, NY, USA},
    volume = {55},
    number = {10},
    issn = {0001-0782},
    doi = {10.1145/2347736.2347755},
    journal = {Commun. ACM},
    pages = {78–87},
    numpages = {10}
}

@book{deep-learning-with-pytorch,
    title={Deep Learning with PyTorch},
    author={Antiga, L.P.G. and Stevens, E. and Viehmann, T.},
    isbn={9781638354079},
    url={https://books.google.com.ar/books?id=BjszEAAAQBAJ},
    year={2020},
    publisher={Manning}
}

@book{prince2024understanding,
    author = "Simon J.D. Prince",
    title = "Understanding Deep Learning",
    publisher = "The MIT Press",
    year = 2024,
    url = "http://udlbook.com"
}

@article{rosenblatt1958perceptron,
    author = {Rosenblatt, Frank},
    title = {The Perceptron: A Probabilistic Model for Information Storage and Organization in the Brain},
    journal = {Psychological Review},
    volume = {65},
    number = {6},
    pages = {386-408},
    year = {1958},
    publisher = {American Psychological Association},
    doi = {10.1037/h0042519}
}

% -------------------------------------------------------------------------


% --------------------Clasificación de series de Tiempo -------------------
@misc{wang2016timeseriesclassificationscratch,
    title={Time Series Classification from Scratch with Deep Neural Networks: A Strong Baseline}, 
    author={Zhiguang Wang and Weizhong Yan and Tim Oates},
    year={2016},
    eprint={1611.06455},
    archivePrefix={arXiv},
    primaryClass={cs.LG},
    url={https://arxiv.org/abs/1611.06455}, 
}

@article{khan2021-bilstm-for-unitsc,
    title={Bidirectional LSTM-RNN-based hybrid deep learning frameworks for univariate time series classification},
    author={Khan M., Wang H., Riaz A. et al.},
    year={2021},
    journal={The Journal of Supercomputing},
    url={https://doi.org/10.1007/s11227-020-03560-z},
    volumes={77},
    pages={7021-7045}
}

@article{Karim_2018,
    title={LSTM Fully Convolutional Networks for Time Series Classification},
    volume={6},
    ISSN={2169-3536},
    url={http://dx.doi.org/10.1109/ACCESS.2017.2779939},
    DOI={10.1109/access.2017.2779939},
    journal={IEEE Access},
    publisher={Institute of Electrical and Electronics Engineers (IEEE)},
    author={Karim, Fazle and Majumdar, Somshubra and Darabi, Houshang and Chen, Shun},
    year={2018},
    pages={1662–1669}
    }

@misc{UCRArchive2018,
    title = {The UCR Time Series Classification Archive},
    author = {Dau, Hoang Anh and Keogh, Eamonn and Kamgar, Kaveh and Yeh, Chin-Chia Michael and Zhu, Yan and Gharghabi, Shaghayegh and Ratanamahatana, Chotirat Ann and Yanping and Hu, Bing and Begum, Nurjahan and Bagnall, Anthony and Mueen, Abdullah and Batista, Gustavo, and Hexagon-ML},
    year = {2018},
    month = {October},
    note = {\url{https://www.cs.ucr.edu/~eamonn/time_series_data_2018/}}
}

@ARTICLE{8894743,
    author={Dau, Hoang Anh and Bagnall, Anthony and Kamgar, Kaveh and Yeh, Chin-Chia Michael and Zhu, Yan and Gharghabi, Shaghayegh and Ratanamahatana, Chotirat Ann and Keogh, Eamonn},
    journal={IEEE/CAA Journal of Automatica Sinica}, 
    title={The UCR time series archive}, 
    year={2019},
    volume={6},
    number={6},
    pages={1293-1305},
    keywords={Time series analysis;Error analysis;Microsoft Windows;Data mining;Euclidean distance;Training;Cameras},
    doi={10.1109/JAS.2019.1911747}
}
% --------------------------------------------------------------------------


% ---------------- LSTM ----------------------------
@misc{colahs-blog-lstm-2015,
    title	= {Understanding LSTM Networks},
    author	= {Christopher Olah},
    year	= {2015},
    URL	= {http://colah.github.io/posts/2015-08-Understanding-LSTMs/}
}

@article{lstm-paper-1997,
    author = {Hochreiter, Sepp and Schmidhuber, Jürgen},
    year = {1997},
    month = {11},
    pages = {1735-1780},
    title = {Long Short-Term Memory},
    volume = {9},
    journal = {Neural Computation},
    doi = {10.1162/neco.1997.9.8.1735}
}


% --------------------------------------------------------------------------

% ------------------------------ Herramientas -----------------------------
@misc{pytorch,
    author       = {Contributors},
    title        = {{PyTorch}: An open source machine learning framework},
    year         = {2024},
    url          = {https://pytorch.org},
}
% --------------------------------------------------------------------------

% ------------------------------ tikz  -----------------------------
@misc{tikz-neural-networks,
    author       = {Izaak Neutelings},
    title        = {Neural Networks with TikZ},
    url          = {https://tikz.net/neural_networks/},
}
% --------------------------------------------------------------------------
